% Encoding: UTF-8

@inproceedings{johansson2009fish,
  title={Fish or Shark: Data Mining Online Poker},
  author={Johansson, Ulf and S{\"o}nstr{\"o}d, Cecilia},
  booktitle={5th International Conference on Data Mining-DMIN 09, Las Vegas, USA.},
  year={2009},
  organization={CSREA}
}

@book{sklansky_2003,
  place     = {Las Vegas, NV},
  title     = {Hold 'em poker: For advanced players, 21st Century edition},
  publisher = {Two Plus Two Pub.},
  author    = {Sklansky, David},
  year      = {2003}
} 
 

@book{malmuth_2004,
  place     = {Henderson},
  title     = {Gambling theory and other topics},
  publisher = {Two plus two},
  author    = {Malmuth, Mason},
  year      = {2004}
} 

@article{bensson2013predicting,
  title={Predicting Texas Holdem Hand Strength},
  author={Bensson, James and Eckert, Alex and Wu, Maxwell},
  year={2013}
}


@article{billings_challenge_2002,
	title = {The challenge of poker},
	doi = {10.1016/s0004-3702(01)00130-8},
	journaltitle = {Artificial Intelligence},
	author = {Billings, Darse and Davidson, Aaron and Schaeffer, Jonathan and Szafron, Duane},
	date = {2002},
}


@article{papp_dealing_1998,
	title = {Dealing with imperfect information in poker},
	author = {Papp, Denis},
	date = {1998},
}

@article{brown2018superhuman,
  title={Superhuman AI for heads-up no-limit poker: Libratus beats top professionals},
  author={Brown, Noam and Sandholm, Tuomas},
  journal={Science},
  volume={359},
  number={6374},
  pages={418--424},
  year={2018},
  publisher={American Association for the Advancement of Science}
}

@article{blair2019ai,
  title={AI surpasses humans at six-player poker},
  author={Blair, Alan and Saffidine, Abdallah},
  journal={Science},
  volume={365},
  number={6456},
  pages={864--865},
  year={2019},
  publisher={American Association for the Advancement of Science}
}


@phdthesis{follek2003soarbot,
  title={SoarBot: A rule-based system for playing poker},
  author={Follek, Robert I},
  year={2003},
  school={Pace University}
}

@article{davidson_improved_2000,
	title = {Improved Opponent Modeling in Poker},
	author = {Davidson, Aaron and Billings, D. and Schaeffer, J. and Szafron, D.},
	date = {2000},
}

@article{turing1953digital,
  title={Digital computers applied to games},
  author={Turing, Alan M},
  journal={Faster than thought},
  year={1953},
  publisher={Pitnan \& Sons}
}

@article{shannon1950chess,
  title={A chess-playing machine},
  author={Shannon, Claude E},
  journal={Scientific American},
  volume={182},
  number={2},
  pages={48--51},
  year={1950},
  publisher={JSTOR}
}


@inproceedings{billings1998poker,
  title={Poker as a Testbed for AI Research},
  author={Billings, Darse and Papp, Denis and Schaeffer, Jonathan and Szafron, Duane},
  booktitle={Conference of the Canadian Society for Computational Studies of Intelligence},
  pages={228--238},
  year={1998},
  organization={Springer}
}

@article{billings2006algorithms,
  title={Algorithms and assessment in computer poker},
  author={Billings, Darse},
  year={2006}
}

@article{rubin2011computer,
  title={Computer poker: A review},
  author={Rubin, Jonathan and Watson, Ian},
  journal={Artificial intelligence},
  volume={175},
  number={5-6},
  pages={958--987},
  year={2011},
  publisher={Elsevier}
}

@article{moravvcik2017deepstack,
  title={Deepstack: Expert-level artificial intelligence in heads-up no-limit poker},
  author={Moravcik, Matej and Schmid, Martin and Burch, Neil and Lisy, Viliam and Morrill, Dustin and Bard, Nolan and Davis, Trevor and Waugh, Kevin and Johanson, Michael and Bowling, Michael},
  journal={Science},
  volume={356},
  number={6337},
  pages={508--513},
  year={2017},
  publisher={American Association for the Advancement of Science}
}

@article{brown2019superhuman,
  title={Superhuman AI for multiplayer poker},
  author={Brown, Noam and Sandholm, Tuomas},
  journal={Science},
  volume={365},
  number={6456},
  pages={885--890},
  year={2019},
  publisher={American Association for the Advancement of Science}
}

@inproceedings{erol1994htn,
  title={HTN planning: Complexity and expressivity},
  author={Erol, Kutluhan and Hendler, James and Nau, Dana S},
  booktitle={AAAI},
  volume={94},
  pages={1123--1128},
  year={1994}
}

% not reviewed

@article{AutomatedPlanningTheoryghallab2006,
  title    = {Automated {{Planning}}, {{Theory And Practice}}},
  author   = {Ghallab, Malik and Nau, Dana S. and Traverso, Paolo},
  date     = {2006-01-01},
}

@article{IntroductionPlanningDomainhaslum2019,
  title        = {An {{Introduction}} to the {{Planning Domain Definition Language}}},
  author       = {Haslum, Patrik and Lipovetzky, Nir and Magazzeni, Daniele and {Christian Muise} and Muise, Christian},
  date         = {2019-04-02},
  journaltitle = {An Introduction to the Planning Domain Definition Language},
  doi          = {10.2200/s00900ed2v01y201902aim042},
}


@article{OverviewHierarchicalTaskgeorgievski2014,
  title        = {An {{Overview}} of {{Hierarchical Task Network Planning}}},
  author       = {Georgievski, Ilce and Georgievski, Ilche and Aiello, Marco},
  date         = {2014-03-28},
  journaltitle = {arXiv: Artificial Intelligence},
}

@thesis{alnazer2019htn,
  title    = {{{HTN}} Planning with Utilities},
  author   = {Alnazer, Ebaa},
  date     = {2019},
}


@article{PlanningSatisfiabilitykautz1992,
  title        = {Planning as Satisfiability},
  author       = {Kautz, Henry and Selman, Bart},
  date         = {1992-08-30},
  journaltitle = {ECAI},
  pages        = {359--363}
}

@incollection{georgievski2014utility,
  title     = {Utility-based HTN planning},
  author    = {Georgievski, Ilche and Lazovik, Alexander},
  booktitle = {ECAI 2014},
  pages     = {1013--1014},
  year      = {2014},
  publisher = {IOS Press}
}

@article{ComplexityDecidabilityUndecidabilityerol1995,
  title        = {Complexity, Decidability and Undecidability Results for Domain-Independent Planning},
  author       = {Erol, Kutluhan and Nau, Dana S. and Subrahmanian, V. S.},
  date         = {1995-07-01},
  journaltitle = {Artificial Intelligence},
  volume       = {76},
  number       = {1},
  pages        = {75--88},
  doi          = {10.1016/0004-3702(94)00080-k},
}

@article{NonlinearNaturePlanssacerdoti1975,
  title    = {The Nonlinear Nature of Plans},
  author   = {Sacerdoti, Earl D. and {Earl D. Sacerdoti}},
  date     = {1975-09-03},
  pages    = {206--214},
}

@article{PracticalPlanningExtendingwilkins1989,
  title    = {Practical {{Planning}}: {{Extending}} the {{Classical AI Planning Paradigm}}},
  author   = {Wilkins, David E.},
  date     = {1989-01-14},
}

@article{FormalizingPlanningKnowledgeyang1990,
  title    = {Formalizing Planning Knowledge for Hierarchical Planning},
  author   = {Yang, Qiang},
  date     = {1990-01-03},
  volume   = {6},
  number   = {1},
  pages    = {12--24},
  doi      = {10.1111/j.1467-8640.1990.tb00126.x},
}


@article{PANDAFrameworkHierarchicalholler2021,
  title        = {The {{PANDA Framework}} for {{Hierarchical Planning}}},
  author       = {Höller, Daniel and Behnke, Gregor and Bercher, Pascal and Biundo, Susanne},
  date         = {2021},
  journaltitle = {Künstliche Intelligenz},
  pages        = {1--6},
  doi          = {10.1007/s13218-020-00699-y},
}

@article{bercher_survey_2019,
  title        = {A Survey on Hierarchical Planning – One Abstract Idea, Many Concrete Realizations},
  doi          = {10.24963/ijcai.2019/875},
  pages        = {6267--6275},
  journaltitle = {{IJCAI}},
  author       = {Bercher, Pascal and Alford, Ron and Höller, Daniel},
  date         = {2019-08-01},
  doi          = {10.24963/ijcai.2019/875},
}

@article{aeronautiques1998pddl,
  title   = {PDDL| The Planning Domain Definition Language},
  author  = {Aeronautiques, Constructions and Howe, Adele and Knoblock, Craig and McDermott, ISI Drew and Ram, Ashwin and Veloso, Manuela and Weld, Daniel and SRI, David Wilkins and Barrett, Anthony and Christianson, Dave and others},
  journal = {Technical Report, Tech. Rep.},
  year    = {1998}
}

@article{fishburn1968utility,
  title     = {Utility theory},
  author    = {Fishburn, Peter C},
  journal   = {Management science},
  volume    = {14},
  number    = {5},
  pages     = {335--378},
  year      = {1968},
  publisher = {INFORMS}
}

@article{alnazer2022risk,
  title   = {Risk Awareness in HTN Planning},
  author  = {Alnazer, Ebaa and Georgievski, Ilche and Aiello, Marco},
  journal = {arXiv preprint arXiv:2204.10669},
  year    = {2022}
}

@incollection{kahneman2013prospect,
  title     = {Prospect theory: An analysis of decision under risk},
  author    = {Kahneman, Daniel and Tversky, Amos},
  booktitle = {Handbook of the fundamentals of financial decision making: Part I},
  pages     = {99--127},
  year      = {2013},
  publisher = {World Scientific}
}

@book{williamson2012frontier,
  title     = {Frontier Gambling},
  author    = {Williamson, GR},
  year      = {2012},
  publisher = {GR Williamson}
}

 @inbook{roya_2021,
  title     = {History of Poker},
  booktitle = {Card night: Classic games, classic decks, and the history behind them},
  publisher = {Running Press},
  author    = {Roya, Will},
  year      = {2021},
  pages     = {203}
} 
 